<record><leader>00000cas a22000007a 4500</leader><controlfield tag="001">12685114</controlfield><controlfield tag="008">851017d18531866pauwr ne      0   a0eng d</controlfield><datafield ind1=" " ind2=" " tag="010"><subfield code="a">sn 86071378 </subfield></datafield><datafield ind1=" " ind2=" " tag="040"><subfield code="a">NPH</subfield><subfield code="b">eng</subfield><subfield code="c">NPH</subfield><subfield code="d">DLC</subfield><subfield code="d">NPX</subfield><subfield code="d">NPH</subfield><subfield code="d">UBY</subfield><subfield code="d">DLC</subfield><subfield code="d">OCLCF</subfield></datafield><datafield ind1="0" ind2=" " tag="022"><subfield code="a">2327-6754</subfield><subfield code="2">1</subfield></datafield><datafield ind1="1" ind2=" " tag="029"><subfield code="a">AU@</subfield><subfield code="b">000025784771</subfield></datafield><datafield ind1=" " ind2=" " tag="042"><subfield code="a">msc</subfield><subfield code="a">nsdp</subfield></datafield><datafield ind1=" " ind2=" " tag="043"><subfield code="a">n-us-pa</subfield></datafield><datafield ind1="0" ind2="0" tag="050"><subfield code="a">Newspaper</subfield></datafield><datafield ind1="0" ind2="0" tag="082"><subfield code="a">071</subfield><subfield code="2">23</subfield></datafield><datafield ind1="0" ind2=" " tag="130"><subfield code="a">Democrat and sentinel (Ebensburg, Pa.)</subfield></datafield><datafield ind1=" " ind2="0" tag="222"><subfield code="a">Democrat and sentinel</subfield><subfield code="b">(Ebensburg, Pa. Print)</subfield></datafield><datafield ind1="1" ind2="0" tag="245"><subfield code="a">Democrat and sentinel.</subfield></datafield><datafield ind1="0" ind2="3" tag="246"><subfield code="a">Democrat &amp; sentinel</subfield></datafield><datafield ind1=" " ind2=" " tag="260"><subfield code="a">Ebensburg, Pa. :</subfield><subfield code="b">White &amp; Devine,</subfield><subfield code="c">1853-1866.</subfield></datafield><datafield ind1=" " ind2=" " tag="300"><subfield code="a">13 v. ;</subfield><subfield code="c">58-61 cm.</subfield></datafield><datafield ind1=" " ind2=" " tag="310"><subfield code="a">Weekly</subfield></datafield><datafield ind1="0" ind2=" " tag="362"><subfield code="a">New ser., v. 1, no. 1 (Aug. 26, 1853)-new ser. 2.6 [i.e. v. 2, no. 6] (Dec. 20, 1866).</subfield></datafield><datafield ind1=" " ind2=" " tag="500"><subfield code="a">Publisher: James S. Todd, &lt;1862&gt;.</subfield></datafield><datafield ind1=" " ind2=" " tag="500"><subfield code="a">"Democratic."</subfield></datafield><datafield ind1=" " ind2=" " tag="515"><subfield code="a">Issues for &lt;Dec. 20, 1866&gt; called also &lt;v. 13, no. 45&gt;.</subfield></datafield><datafield ind1=" " ind2=" " tag="500"><subfield code="a">Editors: Richard White, &lt;1854&gt;; Henry C. Devine, &lt;1854&gt;; James S. Todd, &lt;1862&gt;.</subfield></datafield><datafield ind1=" " ind2=" " tag="530"><subfield code="a">Archived issues are available in digital format as part of the Library of Congress Chronicling America online collection.</subfield></datafield><datafield ind1=" " ind2="0" tag="651"><subfield code="a">Ebensburg (Pa.)</subfield><subfield code="v">Newspapers.</subfield></datafield><datafield ind1=" " ind2="7" tag="655"><subfield code="a">Newspapers.</subfield><subfield code="2">fast</subfield><subfield code="0">(OCoLC)fst01423814</subfield></datafield><datafield ind1=" " ind2="7" tag="651"><subfield code="a">Pennsylvania</subfield><subfield code="z">Ebensburg.</subfield><subfield code="2">fast</subfield><subfield code="0">(OCoLC)fst01233481</subfield></datafield><datafield ind1=" " ind2=" " tag="752"><subfield code="a">United States</subfield><subfield code="b">Pennsylvania</subfield><subfield code="c">Cambria</subfield><subfield code="d">Ebensburg.</subfield></datafield><datafield ind1="1" ind2=" " tag="776"><subfield code="t">Democrat and sentinel (Ebensburg, Pa. : Online)</subfield><subfield code="x">2327-6762</subfield><subfield code="w">(DLC)  2013218671</subfield><subfield code="w">(OCoLC)832729187</subfield></datafield><datafield ind1="0" ind2="4" tag="780"><subfield code="t">Mountain Democrat (Ebensburg, Pa.)</subfield><subfield code="w">(DLC)sn 87079996</subfield><subfield code="w">(OCoLC)15250108</subfield></datafield><datafield ind1="0" ind2="4" tag="780"><subfield code="t">Mountain sentinel (Ebensburg, Pa.)</subfield><subfield code="x">2327-6630</subfield><subfield code="w">(DLC)sn 86071377</subfield><subfield code="w">(OCoLC)13488274</subfield></datafield><datafield ind1="4" ind2="1" tag="856"><subfield code="u">http://www.loc.gov/chroniclingamerica/lccn/sn86071378/issues</subfield></datafield></record>